<?xml version="1.0" encoding="UTF-8"?><collection xmlns="http://www.loc.gov/MARC21/slim"><record><leader>00379nam--2200133-i-4500</leader><controlfield tag="001">000049012</controlfield><controlfield tag="002">20161230</controlfield><controlfield tag="005">20161230201047</controlfield><controlfield tag="008">060222s1000------------r-----000-0-eng-d</controlfield><datafield ind1=" " ind2=" " tag="080"><subfield code="a">616</subfield></datafield><datafield ind1=" " ind2=" " tag="245"><subfield code="a">Radioimmunoassay of antibody and its clinical applications</subfield></datafield><datafield ind1=" " ind2=" " tag="260"><subfield code="a">Chichester, John Wiley And Ons, 1982, Xv+156p</subfield></datafield><datafield ind1=" " ind2=" " tag="700"><subfield code="a">Parratt,David.,Mckenzie,Hamish/S.A</subfield></datafield><datafield ind1=" " ind2=" " tag="852"><subfield code="a">72448</subfield></datafield></record></collection>